@online{FIT,
   author       = "John Armstrong",
   title        = "The First Isomorphism Theorem (for Abelian Categories)",
   year         = "2007",
   url          = "https://unapologetic.wordpress.com/2007/09/25/the-first-isomorphism-theorem-for-abelian-categories/",
   note         = "Accessed on: August 26, 2023",
}
@online{tensorRexact,
   author       = "Kyle Miller",
   title        = "Right exactness of tensor functor",
   year         = "2016",
   url          = "https://math.berkeley.edu/~kmill/notes/tensor.pdf",
   note         = "Accessed on: July 25, 2023",
}
@book{Lee_Manifolds,
    author    = {John M. Lee},
    title     = {Introduction to Smooth Manifolds},
    year      = {2003},
    publisher = {Springer},
    address   = {New York},
    edition   = {2},
}
@book{sarason2007complex,
  title={Complex Function Theory},
  author={Sarason, Donald},
  year={2007},
  publisher={American Mathematical Soc.}
}

@book{maclane1998categories,
  title={Categories for the Working Mathematician},
  author={Mac Lane, Saunders},
  year={1998},
  publisher={Springer-Verlag},
  series={Graduate Texts in Mathematics},
  volume={5},
  edition={2nd},
  isbn={978-0387984032}
}
@book {Atiyah-Macdonald,
    AUTHOR = {Atiyah, M. F. and Macdonald, I. G.},
     TITLE = {Introduction to commutative algebra},
 PUBLISHER = {Addison-Wesley Publishing Co., Reading, Mass.-London-Don
              Mills, Ont.},
      YEAR = {1969},
     PAGES = {ix+128},
   MRCLASS = {13.00},
  MRNUMBER = {242802},
MRREVIEWER = {Johnny\ A.\ Johnson},
}